@online{porquenosgustanvideojuegos, %nombre con el que después será invocada
    author    = "Mayte Rius",
    title     = "Por qué nos enganchan los videojuegos",
    url       = "https://www.lavanguardia.com/estilos-de-vida/20120629/54317381414/por-que-enganchan-los-videojuegos.html",
    keywords  = "videojuegos, psicología"
}

@online{kilometro0,
    author    = "Cabildo de Gran Canaria",
    title     = "Productos Km 0, tendencia y concienciación",
    url       = "https://grancanariamegusta.com/blog/productos-km-0-tendencia-y-concienciacion-n5",
    keywords  = "economía, kilometrocero, consumo"
}

@online{turismotodoincluido,
    author    = "Jennifer Jiménez",
    title     = "Canarias ya no quiere ser un destino exclusivo de ‘todo incluido’ y busca un nuevo modelo turístico con la economía circular",
    url       = "https://www.eldiario.es/canariasahora/turismo/canarias-no-quiere-destino-exclusivo-incluido-busca-nuevo-modelo-turistico-economia-circular_1_8164841.html",
    keywords  = "todo incluido, turismo, economía"
}

@online{campañaelaboradoencanarias,
    author    = "Redacción RTVC",
    title     = "Turismo fomenta el consumo de productos locales entre los jóvenes con su campaña ‘Elaborado en Canarias’",
    url       = "https://rtvc.es/elaborado-en-canarias-fomenta-el-consumo-del-producto-local-en-jovenes/",
    keywords  = "campaña, turismo, economía"
}

@online{sociedadguanche,
    author    = "Digital Panorama S.A",
    title     = "Estructura social guanche y organización política antes de la conquista",
    url       = "http://www.tenerife-guanches.com/sp/sociedad.aspx",
    keywords  = "Canarias, historia, organización social, Guanches"
}

@online{doxygenDiscoverTenerife,
    author    = "Aarón José Cabrera Martín",
    title     = "Documentación generada con Doxygen del código fuente de DiscoverTenerife",
    url       = "https://aaronjosecabreramartin.github.io/TFG-DiscoverTenerife/",
    keywords  = "DiscoverTenerife, Documentación, Doxygen, Github Pages"
}

@online{definicionGamificacion,
    author    = "Gobierno de Canarias",
    title     = "Gamificación, definición y aplicación en pedagogía",
    url       = "https://www3.gobiernodecanarias.org/medusa/ecoescuela/pedagotic/gamificacion/",
    keywords  = "Gamificación, Pedagogía, Gobierno de Canarias"
}

@article{pou2017carniceros,
  title={CARNICEROS, EMBALSAMADORES Y MUJERES: EL {\guillemotleft}TAB{\'U}{\guillemotright} DE LA SANGRE DERRAMADA ENTRE LOS ABOR{\'I}GENES CANARIOS.},
  author={Pou Hern{\'a}ndez, Sergio},
  journal={Bandue: Revista de la Sociedad Espa{\~n}ola de Ciencias de las Religiones},
  volume={10},
  year={2017}
}

@inproceedings{caponetto2014gamification,
  title={Gamification and education: A literature review},
  author={Caponetto, Ilaria and Earp, Jeffrey and Ott, Michela},
  booktitle={European Conference on Games Based Learning},
  volume={1},
  pages={50},
  year={2014},
  organization={Academic Conferences International Limited}
}

@article{ghaban2019different,
  title={How different personalities benefit from gamification},
  author={Ghaban, Wad and Hendley, Robert},
  journal={Interacting with Computers},
  volume={31},
  number={2},
  pages={138--153},
  year={2019},
  publisher={Oxford University Press}
}

@article{alsawaier2018effect,
  title={The effect of gamification on motivation and engagement},
  author={Alsawaier, Raed S},
  journal={The International Journal of Information and Learning Technology},
  year={2018},
  publisher={Emerald Publishing Limited}
}

@incollection{nicholson2015recipe,
  title={A recipe for meaningful gamification},
  author={Nicholson, Scott},
  booktitle={Gamification in education and business},
  pages={1--20},
  year={2015},
  publisher={Springer}
}

@online{kotlinPreferidoPorGoogle,
    author    = "Samuel Fernández",
    title     = "Ni Java ni C++, Kotlin pasa a ser el lenguaje preferido por Google para desarrollar apps en Android",
    url       = "https://www.xatakandroid.com/programacion-android/no-hara-falta-aprender-java-para-programar-android-kotlin-pasa-a-ser-preferido-google",
    keywords  = "Kotlin, Java, Android, Programación, Google"
}

@online{sectoresEconomicosCanarias,
    author    = "Jesús Mary",
    title     = "Sectores Económicos de España y Canarias",
    url       = "https://www3.gobiernodecanarias.org/medusa/ecoblog/jmhergare/2020/04/14/sociales-los-sectores-economicos/",
    keywords  = "Sectores económicos, Canarias, España"
}

@online{PIBTurismoCanarias2010-2020,
    author    = "Instituto Canario de Estadística (ISTAC), el Instituto Nacional de Estadística de España (INE) y Turespaña",
    title     = "Aportación anual del sector turístico al producto interior bruto (PIB) de Canarias entre 2010 y 2020",
    url       = "https://es.statista.com/estadisticas/526585/aportacion-del-turismo-al-pib-de-canarias/",
    keywords  = "PIB, Economía, Canarias, España"
}

@online{PIBInteranualCanarias2020-2022,
    author    = "Observatorio Industrial de Canarias",
    title     = "El PIB interanual se redujo en Canarias un 19,8\% frente al 8,7\% registrado por el conjunto de España",
    url       = "https://oic.itccanarias.org/el-pib-interanual-se-redujo-en-canarias-un-198-frente-al-87-registrado-por-el-conjunto-de-espana/",
    keywords  = "PIB, Economía, Canarias, España"
}
